@article{Moro2014ATelemarketing,
    title = {{A data-driven approach to predict the success of bank telemarketing}},
    year = {2014},
    journal = {Decision Support Systems},
    author = {Moro, Sérgio and Cortez, Paulo and Rita, Paulo},
    month = {6},
    pages = {22--31},
    volume = {62},
    doi = {10.1016/j.dss.2014.03.001},
    issn = {01679236}
}

@article{BharathiS2022AnCustomers,
    title = {{An Ensemble Model for Predicting Retail Banking Churn in the Youth Segment of Customers}},
    year = {2022},
    journal = {Data},
    author = {Bharathi S, Vijayakumar and Pramod, Dhanya and Raman, Ramakrishnan},
    number = {5},
    month = {5},
    pages = {61},
    volume = {7},
    doi = {10.3390/data7050061},
    issn = {2306-5729}
}

@article{Al-Quraishi2025BridgingPrediction,
    title = {{Bridging Predictive Insights and Retention Strategies: The Role of Account Balance in Banking Churn Prediction}},
    year = {2025},
    journal = {AI},
    author = {Al-Quraishi, Tahsien and Albahri, Osamah and Albahri, Ahmed and Alamoodi, Abdullah and Sharaf, Iman Mohammed},
    number = {4},
    month = {4},
    pages = {73},
    volume = {6},
    doi = {10.3390/ai6040073},
    issn = {2673-2688}
}

@article{deWaal2024ConsumersLearning,
    title = {{Consumers’ Financial Distress: Prediction and Prescription Using Interpretable Machine Learning}},
    year = {2024},
    journal = {Information Systems Frontiers},
    author = {de Waal, Hendrik and Nyawa, Serge and Wamba, Samuel Fosso},
    month = {6},
    doi = {10.1007/s10796-024-10501-1},
    issn = {1387-3326}
}

@article{Nikiel2002CUSTOMERBANKING,
    title = {{CUSTOMER TYPE AND BANK EFFICIENCY IN POLAND: IMPLICATIONS FOR EMERGING MARKET BANKING}},
    year = {2002},
    journal = {Contemporary Economic Policy},
    author = {Nikiel, Ewa M. and Opiela, Timothy P.},
    number = {3},
    month = {7},
    pages = {255--271},
    volume = {20},
    doi = {10.1093/cep/20.3.255},
    issn = {1074-3529}
}

@article{He2022ImpactStudy,
    title = {{Impact of big data analytics on banking: a case study}},
    year = {2022},
    journal = {Journal of Enterprise Information Management},
    author = {He, Wu and Hung, Jui-Long and Liu, Lixin},
    month = {11},
    doi = {10.1108/JEIM-05-2020-0176},
    issn = {1741-0398}
}

@article{Vaduva2024ImprovingTechniques,
    title = {{Improving Churn Detection in the Banking Sector: A Machine Learning Approach with Probability Calibration Techniques}},
    year = {2024},
    journal = {Electronics},
    author = {V{\u{a}}duva, Alin-Gabriel and Oprea, Simona-Vasilica and Niculae, Andreea-Mihaela and B{\^{a}}ra, Adela and Andreescu, Anca-Ioana},
    number = {22},
    month = {11},
    pages = {4527},
    volume = {13},
    doi = {10.3390/electronics13224527},
    issn = {2079-9292}
}

@article{Boustani2024ImprovingNetworks,
    title = {{Improving the predictive accuracy of the cross-selling of consumer loans using deep learning networks}},
    year = {2024},
    journal = {Annals of Operations Research},
    author = {Boustani, Noureddine and Emrouznejad, Ali and Gholami, Roya and Despic, Ozren and Ioannou, Athina},
    number = {1-2},
    month = {8},
    pages = {613--630},
    volume = {339},
    doi = {10.1007/s10479-023-05209-5},
    issn = {0254-5330}
}

@article{Singh2024InvestigatingManagement,
    title = {{Investigating customer churn in banking: a machine learning approach and visualization app for data science and management}},
    year = {2024},
    journal = {Data Science and Management},
    author = {Singh, Pahul Preet and Anik, Fahim Islam and Senapati, Rahul and Sinha, Arnav and Sakib, Nazmus and Hossain, Eklas},
    number = {1},
    month = {3},
    pages = {7--16},
    volume = {7},
    doi = {10.1016/j.dsm.2023.09.002},
    issn = {26667649}
}

@article{Alaraj2021ModellingNetworks,
    title = {{Modelling customers credit card behaviour using bidirectional LSTM neural networks}},
    year = {2021},
    journal = {Journal of Big Data},
    author = {Ala’raj, Maher and Abbod, Maysam F. and Majdalawieh, Munir},
    number = {1},
    month = {12},
    pages = {69},
    volume = {8},
    doi = {10.1186/s40537-021-00461-7},
    issn = {2196-1115}
}

@article{Ulug2025OptimizedProgramming,
    title = {{Optimized churn prediction using ensemble-based feature selection via second-order cone programming}},
    year = {2025},
    journal = {Annals of Operations Research},
    author = {Ulug, Baha and Aky{\"{u}}z, Süreyya},
    month = {3},
    doi = {10.1007/s10479-025-06543-6},
    issn = {0254-5330}
}

@article{Machauer2001SegmentationAttitudes,
    title = {{Segmentation of bank customers by expected benefits and attitudes}},
    year = {2001},
    journal = {International Journal of Bank Marketing},
    author = {Machauer, Achim and Morgner, Sebastian},
    number = {1},
    month = {2},
    pages = {6--18},
    volume = {19},
    doi = {10.1108/02652320110366472},
    issn = {0265-2323}
}

@article{Krasnikov2009TheIndustry,
    title = {{The Impact of Customer Relationship Management Implementation on Cost and Profit Efficiencies: Evidence from the U.S. Commercial Banking Industry}},
    year = {2009},
    journal = {Journal of Marketing},
    author = {Krasnikov, Alexander and Jayachandran, Satish and Kumar, V.},
    number = {6},
    month = {11},
    pages = {61--76},
    volume = {73},
    doi = {10.1509/jmkg.73.6.61},
    issn = {0022-2429}
}

@article{Chang2024TowardsStudy,
    title = {{Towards data and analytics driven B2B-banking for green finance: A cross-selling use case study}},
    year = {2024},
    journal = {Technological Forecasting and Social Change},
    author = {Chang, Victor and Hahm, Nattareya and Xu, Qianwen Ariel and Vijayakumar, P. and Liu, Ling},
    month = {9},
    pages = {123542},
    volume = {206},
    doi = {10.1016/j.techfore.2024.123542},
    issn = {00401625}
}

@article{Rahman2024TRANSFORMINGLEARNING,
    title = {{TRANSFORMING CUSTOMER RETENTION IN FINTECH INDUSTRY THROUGH PREDICTIVE ANALYTICS AND MACHINE LEARNING}},
    year = {2024},
    journal = {The American Journal of Engineering and Technology},
    author = {Rahman, Md Habibur and Chandra Das, Ashim and Shak, Md Shujan and Uddin, Md Kafil and Alam, Md Imdadul and Anjum, Nafis and Bony, Md Nad Vi Al and Alam, Murshida},
    number = {10},
    month = {10},
    pages = {150--163},
    volume = {06},
    doi = {10.37547/tajet/Volume06Issue10-17},
    issn = {26890984}
}

@article{Fenton2007VisualisingChange:,
    title = {{Visualising Strategic Change:}},
    year = {2007},
    journal = {European Management Journal},
    author = {Fenton, Evelyn M.},
    number = {2},
    month = {4},
    pages = {104--117},
    volume = {25},
    doi = {10.1016/j.emj.2007.02.003},
    issn = {02632373}
}